<record><leader>00000cas a22000007a 4500</leader><controlfield tag="001">13347780</controlfield><controlfield tag="008">860326d1886188uinuwr ne     l0    0eng d</controlfield><datafield ind1=" " ind2=" " tag="010"><subfield code="a">sn 86058402 </subfield></datafield><datafield ind1=" " ind2=" " tag="040"><subfield code="a">NPI</subfield><subfield code="b">eng</subfield><subfield code="c">NPI</subfield><subfield code="d">IUL</subfield><subfield code="d">OCLCQ</subfield><subfield code="d">OCLCF</subfield></datafield><datafield ind1=" " ind2=" " tag="042"><subfield code="a">msc</subfield></datafield><datafield ind1=" " ind2=" " tag="043"><subfield code="a">n-us-in</subfield></datafield><datafield ind1=" " ind2="4" tag="050"><subfield code="a">Newspapers</subfield></datafield><datafield ind1="0" ind2="4" tag="245"><subfield code="a">The True blue Republican.</subfield></datafield><datafield ind1=" " ind2=" " tag="260"><subfield code="a">Salem, Ind. :</subfield><subfield code="b">L.O. Saltmarsh,</subfield><subfield code="c">1886-</subfield></datafield><datafield ind1=" " ind2=" " tag="300"><subfield code="a">v. :</subfield><subfield code="b">ill. (chiefly advertisements) ;</subfield><subfield code="c">64 cm.</subfield></datafield><datafield ind1=" " ind2=" " tag="310"><subfield code="a">Weekly</subfield></datafield><datafield ind1="0" ind2=" " tag="362"><subfield code="a">Vol. 9, no. 1 (July 1, 1886)- = Whole no. 418-</subfield></datafield><datafield ind1="1" ind2=" " tag="362"><subfield code="a">Ceased after Mar. 1887.</subfield></datafield><datafield ind1=" " ind2=" " tag="580"><subfield code="a">Merged with: Leader (Salem, Ind.); to form: Republican leader (Salem, Ind.).</subfield></datafield><datafield ind1=" " ind2=" " tag="588"><subfield code="a">Description based on: Vol. 9, no. 1 (July 1, 1886) = Whole no. 418.</subfield></datafield><datafield ind1=" " ind2="0" tag="651"><subfield code="a">Salem (Ind.)</subfield><subfield code="v">Newspapers.</subfield></datafield><datafield ind1=" " ind2="0" tag="651"><subfield code="a">Washington County (Ind.)</subfield><subfield code="v">Newspapers.</subfield></datafield><datafield ind1=" " ind2="7" tag="655"><subfield code="a">Newspapers.</subfield><subfield code="2">fast</subfield><subfield code="0">(OCoLC)fst01423814</subfield></datafield><datafield ind1=" " ind2="7" tag="651"><subfield code="a">Indiana</subfield><subfield code="z">Salem.</subfield><subfield code="2">fast</subfield><subfield code="0">(OCoLC)fst01257044</subfield></datafield><datafield ind1=" " ind2="7" tag="651"><subfield code="a">Indiana</subfield><subfield code="z">Washington County.</subfield><subfield code="2">fast</subfield><subfield code="0">(OCoLC)fst01217010</subfield></datafield><datafield ind1=" " ind2=" " tag="752"><subfield code="a">United States</subfield><subfield code="b">Indiana</subfield><subfield code="c">Washington</subfield><subfield code="d">Salem.</subfield></datafield><datafield ind1="0" ind2="0" tag="780"><subfield code="t">Salem press (Salem, Ind.)</subfield><subfield code="w">(DLC)sn 86058403</subfield><subfield code="w">(OCoLC)13347755</subfield></datafield><datafield ind1="1" ind2="7" tag="785"><subfield code="t">Leader (Salem, Ind.)</subfield><subfield code="w">(DLC)sn 86058400</subfield><subfield code="w">(OCoLC)13347790</subfield></datafield><datafield ind1="1" ind2="7" tag="785"><subfield code="t">Republican leader (Salem, Ind.)</subfield><subfield code="w">(DLC)sn 85047589</subfield><subfield code="w">(OCoLC)12144632</subfield></datafield></record>